<?xml version="1.0" encoding="UTF-8"?><collection xmlns="http://www.loc.gov/MARC21/slim"><record><leader>00501nam--2200169-u-4500</leader><controlfield tag="001">000056715</controlfield><controlfield tag="002">20161230</controlfield><controlfield tag="005">20161230201052</controlfield><controlfield tag="008">161003s1000------------r-----000-0-rum-d</controlfield><datafield ind1=" " ind2=" " tag="040"><subfield code="a">IFIN-HH</subfield></datafield><datafield ind1=" " ind2=" " tag="041"><subfield code="a">rum</subfield></datafield><datafield ind1="1" ind2=" " tag="100"><subfield code="a">Regneala, Mircea</subfield></datafield><datafield ind1="1" ind2="0" tag="245"><subfield code="a">Tratat de Biblioteconomie. Vol. II, Partea a II-a: Managementul Colectiilor si serviciilor de biblioteca</subfield><subfield code="c">Mirea Regneala (coord.;pref.)</subfield></datafield><datafield ind1=" " ind2=" " tag="260"><subfield code="a">Bucuresti</subfield><subfield code="b">Abr</subfield><subfield code="c">2016</subfield></datafield><datafield ind1=" " ind2=" " tag="300"><subfield code="a">587 p</subfield></datafield><datafield ind1=" " ind2=" " tag="852"><subfield code="a">82367</subfield><subfield code="c">02</subfield></datafield><datafield ind1=" " ind2=" " tag="CAT"><subfield code="a">Sys</subfield><subfield code="c">20161003</subfield><subfield code="h">144348</subfield></datafield></record></collection>